@online{wiki:leibnizIntegrationRule,
	title = {Leibniz integral rule},
	language = {English},
	journal = {Wikipedia},
	url = {https://en.wikipedia.org/wiki/Leibniz_integral_rule},
	howpublished = {{\scriptsize URL:} \url{https://en.wikipedia.org/wiki/Leibniz_integral_rule}},
	urldate = {2020-11-26},
	note = {\mbox{Tilg√•et} d. 26. november 2020},
}