% @book{sakurai,
% 	address = {Cambridge},
% 	edition = {Second edition},
% 	title = {Modern quantum mechanics},
% 	isbn = {978-1-108-42241-3},
% 	language = {eng},
% 	publisher = {Cambridge University Press},
% 	author = {Sakurai, Jun J. and Napolitano, Jim},
% 	year = {2017},
% 	note = {OCLC: 1029603578},
% 	annote = {"Reissued by Cambridge University Press 2017" - Rückseite der Titelseite}
% }

% @book{taylor,
%     adress = {Sausalito, Calif},
% 	title = {Classical mechanics},
% 	isbn = {978-1-891389-22-1},
% 	publisher = {University Science Books},
% 	author = {Taylor, John R.},
% 	year = {2005},
% 	keywords = {Mechanics},
% }

% @book{schaums,
% 	address = {New York},
% 	edition = {3rd ed},
% 	series = {Schaum's outline series},
% 	title = {Mathematical handbook of formulas and tables},
% 	isbn = {978-0-07-154855-7},
% 	publisher = {McGraw-Hill},
% 	author = {Spiegel, Murray R. and Lipschutz, Seymour and Liu, John},
% 	year = {2009},
% 	keywords = {Formulae, Mathematics, Tables},
% 	annote = {Includes index}
% }

% @online{wiki:yrotation,
% 	title = {Rotation matrix -- {In} three dimensions -- {Basic} rotations},
% 	url = {https://en.wikipedia.org/wiki/Rotation_matrix#Basic_rotations},
% 	urldate = {2019-12-28},
% 	author = {Wikipedia},
% 	howpublished = {{\scriptsize URL:} \url{https://en.wikipedia.org/wiki/Rotation_matrix#Basic_rotations}},
% 	note = {\mbox{Tilgået} d. 30. december 2019},
% }

% @book{Y&F,
% 	address = {Boston},
% 	edition = {14th edition},
% 	title = {Sears and {Zemansky}'s university physics: with modern physics},
% 	isbn = {978-0-321-97361-0 978-0-13-397798-1},
% 	shorttitle = {Sears and {Zemansky}'s university physics},
% 	language = {English},
% 	publisher = {Pearson},
% 	author = {Young, Hugh D. and Freedman, Roger A. and Ford, A. Lewis and Sears, Francis Weston},
% 	year = {2016},
% 	keywords = {Textbooks, Physics, Study and teaching (Higher)},
% 	annote = {Includes index}
% }

% @book{particlesAndNucleai,
% 	address = {Heidelberg New York Dordrecht London},
% 	edition = {Seventh edition},
% 	series = {Graduate texts in physics},
% 	title = {Particles and nuclei: an introduction to the physical concepts},
% 	isbn = {978-3-662-46320-8 978-3-662-46321-5},
% 	shorttitle = {Particles and nuclei},
% 	language = {eng},
% 	publisher = {Springer},
% 	author = {Povh, Bogdan and Rith, Klaus and Scholz, Christoph and Zetsche, Frank and Rodejohann, Werner},
% 	translator = {Lavelle, Martin},
% 	year = {2015},
% 	note = {OCLC: 900290398},
% 	annote = {"The first edition was translated by Dr. Martin Lavelle." - Rückseite des Titelblattes},
% 	file = {Table of Contents PDF:C\:\\Users\\josef\\Zotero\\storage\\UB8K26PG\\Povh m.fl. - 2015 - Particles and nuclei an introduction to the physi.pdf:application/pdf}
% }

% @online{wiki:CG-koefficienter,
% 	title = {{Table of Clebsch–Gordan coefficients}},
% 	url = {https://en.wikipedia.org/wiki/Table_of_Clebsch\%E2\%80\%93Gordan_coefficients},
% 	urldate = {2019-12-28},
% 	author = {Wikipedia},
% 	howpublished = {{\scriptsize URL:} \url{https://en.wikipedia.org/wiki/Table_of_Clebsch\%E2\%80\%93Gordan_coefficients}},
% 	note = {\mbox{Tilgået} d. 30. december 2019},
% }

% @unsubmitted{NoteOnNumericalMethods,
%     title = {{Numerical quantum mechanics and A Gentle Introduction to Quantum Optimal Control Theory}},
%     author = {Jensen, Jesper Hasseriis Mohr},
%     year = {2018},
%     month = {september},
%     day = {3},
%     note = {Fra BlackBoard},
% }


% @article{fjerdegradspotential,
% 	title = {Particle in a {Potential} {$U = \mu x^4$}},
% 	publisher = {Theoretical and Computational Biophysics Group},
% 	author = {Schulten, Klaus},
% 	month = {oct},
% 	year = {1999},
% 	url = {https://www.ks.uiuc.edu/Services/Class/PHYS480/LectNotes/well/p480_n.pdf},
% 	howpublished = {{\scriptsize URL:} \url{https://www.ks.uiuc.edu/Services/Class/PHYS480/LectNotes/well/p480_n.pdf}},
% 	note = {\mbox{Tilgået} d. 15. januar 2020},
% }